@article{Laubichler:13,
  title =	{Computational perspectives in the history of science:
                  To the memory of Peter Damerow},
  author =	{Laubichler, Manfred D and Maienschein, Jane and Renn,
                  J{\"u}rgen},
  journal =	{Isis},
  volume =	{104},
  number =	{1},
  pages =	{119--130},
  year =	{2013},
  publisher =	{The University of Chicago Press},
  doi =		{doi.org/10.1086/669891}
}

@inproceedings{Lee:12,
  title =	{A dependency treebank of classical {Chinese} poems},
  author =	{Lee, John and Kong, Yin Hei},
  booktitle =	{Proceedings of the 2012 Conference of the North
                  American Chapter of the Association for
                  Computational Linguistics: Human Language
                  Technologies},
  pages =	{191--199},
  year =	{2012},
  organization ={Association for Computational Linguistics}
}

@article{Wong:16,
  title =	{A Dependency Treebank of the Chinese Buddhist Canon},
  author =	{Wong, Tak-sum and Lee, John},
  journal =	{CRF},
  volume =	{96},
  number =	{98.28},
  pages =	{97--58},
  year =	{2016}
}

@article{Hruschka:15,
  title =	{Detecting regular sound changes in linguistics as
                  events of concerted evolution},
  author =	{Hruschka, Daniel J and Branford, Simon and Smith,
                  Eric D and Wilkins, Jon and Meade, Andrew and Pagel,
                  Mark and Bhattacharya, Tanmoy},
  journal =	{Current Biology},
  volume =	{25},
  number =	{1},
  pages =	{1--9},
  year =	{2015},
  publisher =	{Elsevier},
  doi =		{doi.org/10.1016/j.cub.2014.10.064}
}

@article{Misof:14,
  title =	{A priori assessment of data quality in molecular
                  phylogenetics},
  author =	{Misof, Bernhard and Meusemann, Karen and von Reumont,
                  Bj{\"o}rn M and K{\"u}ck, Patrick and Prohaska,
                  Sonja J and Stadler, Peter F},
  journal =	{Algorithms for Molecular Biology},
  volume =	{9},
  number =	{1},
  pages =	{22},
  year =	{2014},
  publisher =	{BioMed Central},
  doi =		{doi.org/10.1186/s13015-014-0022-4}
}

@article{Rockmore:16,
  title =	{The Cultural Evolution of National Constitutions},
  author =	{Rockmore, Daniel and Fang, Chen and Foti, Nick J and
                  Ginsburg, Tom and Krakauer, David C},
  year =	{2016}
}


@article{blei2003latent,
  title =	{Latent dirichlet allocation},
  author =	{Blei, David M and Ng, Andrew Y and Jordan, Michael I},
  journal =	{Journal of machine Learning research},
  volume =	{3},
  number =	{Jan},
  pages =	{993--1022},
  year =	{2003}
}

@inproceedings{blei2003modeling,
  title =	{Modeling annotated data},
  author =	{Blei, David M and Jordan, Michael I},
  booktitle =	{Proceedings of the 26th annual international ACM SIGIR conference on Research and development in informaion retrieval},
  pages =	{127--134},
  year =	{2003},
  organization =	{ACM}
}

@inproceedings{griffiths2005integrating,
  title =	{Integrating topics and syntax},
  author =	{Griffiths, Thomas L and Steyvers, Mark and Blei, David M and Tenenbaum, Joshua B},
  booktitle =	{Advances in neural information processing systems},
  pages =	{537--544},
  year =	{2005}
}

@article{blei2012probabilistic,
  title =	{Probabilistic topic models},
  author =	{Blei, David M},
  journal =	{Communications of the ACM},
  volume =	{55},
  number =	{4},
  pages =	{77--84},
  year =	{2012},
  doi =		{doi.org/10.1145/2133806.2133826}
}

@Misc{Daizokyo,
  key =		{Daizokyo},
  title =	{{SAT} {D}aiz{\=o}ky{\=o} {T}ext {D}atabase},
  year =	{2015},
  url =		{http://21dzk.l.u-tokyo.ac.jp/SAT/index_en.html},
}
% note = {Accessed: 2010-09-30}



@article{levinson_tools_2012,
	title = {Tools from evolutionary biology shed new light on the diversification of languages},
	volume = {16},
	issn = {1364-6613},
	url = {http://www.sciencedirect.com/science/article/pii/S1364661312000290},
	doi = {10.1016/j.tics.2012.01.007},
	number = {3},
	urldate = {2017-07-19},
	journal = {Trends in Cognitive Sciences},
	author = {Levinson, Stephen C. and Gray, Russell D.},
	month = mar,
	year = {2012},
	pages = {167--173},
}

@book{gray_language-tree_2003,
	title = {Language-tree {Divergence} {Times} {Support} the {Anatolian} {Theory} of {Indo}-{European} {Origin}},
	language = {en},
	publisher = {Nature Publishing Group},
	author = {Gray, Russell and Atkinson, Quentin},
	month = nov,
	year = {2003},
	note = {Google-Books-ID: duLIDQAAQBAJ},
	keywords = {Cooking / Regional \& Ethnic / Greek, Language Arts \& Disciplines / Linguistics / Etymology}
}

@article{croft2008evolutionary,
  title={Evolutionary linguistics},
  author={Croft, William},
  journal={Annual Review of Anthropology},
  volume={37},
  year={2008}
}

@Article{Telles:13,
  author =     {Telles, Guilherme P and Almeida, Nalvo F and Minghim,
                Rosane and Walter, Maria Emilia Machado Telles},
  title =      {J. Comp. Biol.},
  volume =     {20},
  pages =      {30-37},
  year =       {2013},
}




